<record><leader>00000cas a22000007a 4500</leader><controlfield tag="001">19096936</controlfield><controlfield tag="008">890202c18uu9999gauwr ne      0    0eng d</controlfield><datafield ind1=" " ind2=" " tag="010"><subfield code="a">sn 89053095 </subfield></datafield><datafield ind1=" " ind2=" " tag="040"><subfield code="a">NLG</subfield><subfield code="b">eng</subfield><subfield code="c">NLG</subfield><subfield code="d">OCLCQ</subfield></datafield><datafield ind1=" " ind2=" " tag="042"><subfield code="a">msc</subfield></datafield><datafield ind1="0" ind2=" " tag="130"><subfield code="a">Clayton tribune (Clayton, Ga.)</subfield></datafield><datafield ind1="1" ind2="4" tag="245"><subfield code="a">The Clayton tribune.</subfield></datafield><datafield ind1=" " ind2=" " tag="260"><subfield code="a">Clayton, Rabun County, Ga. :</subfield><subfield code="b">L.P. Cross</subfield></datafield><datafield ind1=" " ind2=" " tag="300"><subfield code="a">v.</subfield></datafield><datafield ind1=" " ind2=" " tag="310"><subfield code="a">Weekly</subfield></datafield><datafield ind1=" " ind2=" " tag="588"><subfield code="a">Description based on: Vol. 29, no. 52 (Jan. 1, 1925).</subfield></datafield><datafield ind1=" " ind2=" " tag="752"><subfield code="a">United States</subfield><subfield code="b">Georgia</subfield><subfield code="c">Rabun</subfield><subfield code="d">Clayton.</subfield></datafield></record>